@book{1,
	author = {Fuzhen Zhang},
	title = {{L}inear {A}lgebra : {C}hallenging {P}roblems for {S}tudents},
	journal = {{M}athematics {F}aculty {B}ooks and {B}ook {C}hapters},
	year = {2009},
	volume = {},
	pages = {},
	number = {4},
	month = {January},
	publisher = {{J}ohns {H}opkins {U}niversity {P}ress}
}


@book{2,
    author={Golan,Jonathan S.},
    year={2012},
    title={The {L}inear {A}lgebra {A} {B}eginning {G}raduate {S}tudent {O}ught to {K}now},
    publisher={Springer},
    address={Dordrecht},
    edition={3rd},
    keywords={Algebras, Linear},
    isbn={9789400726352;940072635X;},
    language={English},
}



@MISC {3,
    TITLE = {Proof of Rank Property: ${ XAY={\begin{bmatrix}I_{r} & 0\\0 & 0\\\end{bmatrix}}}$},
    AUTHOR = {amd (\url{https://math.stackexchange.com/users/265466/amd)}},
    HOWPUBLISHED = {Mathematics Stack Exchange},
    NOTE = {\url{https://math.stackexchange.com/q/3352606 (version: 2019-09-11)}},
    EPRINT = {\url{https://math.stackexchange.com/q/3352606}},
    URL = {\url{https://math.stackexchange.com/q/3352606}}
}


@MISC {4,
    TITLE = {Prove that $\text{rank}(AB)\geq \text{rank}(A)+\text{rank}(B)-n$},
    AUTHOR = {Sugata Adhya (\url{https://math.stackexchange.com/users/36242/sugata-adhya)}},
    HOWPUBLISHED = {Mathematics Stack Exchange},
    NOTE = {\url{https://math.stackexchange.com/q/269548} (version: 2013-01-03)},
    EPRINT = {\url{https://math.stackexchange.com/q/269548}},
    URL = {\url{https://math.stackexchange.com/q/269548}}
}


@article{5,
    author={Piziak,R. and Odell,P. L.},
    year={1999},
    title={Full Rank Factorization of Matrices},
    journal={Mathematics Magazine},
    volume={72},
    number={3},
    pages={193-201},
    abstract={An integrated theoretical development of and setting for understanding a number of topics in linear algebra is offered. Piziak and Odell note what can be obtained from full rank factorizations.},
    keywords={Eigenvalues; Matrices; Mathematical vectors; Mathematical theorems; Factorization; Linear algebra; Usage; Factorization of operators; Analysis; Functions, Orthogonal; Methods; Linear programming; Matrix; Algebra},
    isbn={0025-570X},
    language={English},
}


@MISC {6,
    TITLE = {Frobenius Inequality},
    AUTHOR = {David (\url{https://math.stackexchange.com/users/117084/david)}},
    HOWPUBLISHED = {Mathematics Stack Exchange},
    NOTE = {\url{https://math.stackexchange.com/q/2668713} (version: 2019-12-18)},
    EPRINT = {\url{https://math.stackexchange.com/q/2668713}},
    URL = {\url{https://math.stackexchange.com/q/2668713}}
}


@MISC {7,
    TITLE = {Full rank factorization},
    AUTHOR = {Wolfy (\url{https://math.stackexchange.com/users/217910/wolfy)}},
    HOWPUBLISHED = {Mathematics Stack Exchange},
    NOTE = {\url{https://math.stackexchange.com/q/1784831} (version: 2016-05-14)},
    EPRINT = {\url{https://math.stackexchange.com/q/1784831}},
    URL = {\url{https://math.stackexchange.com/q/1784831}}
}


@book{8,
    author = {Axler,Sheldon},
    year = {2015},
    title = {Linear Algebra Done Right},
    publisher = {Springer International Publishing},
    address = {Cham},
    edition = {3rd 2015.},
    keywords = {Mathematics; Matrix theory; Linear and Multilinear Algebras, Matrix Theory},
    isbn = {3319110799;9783319110806;9783319110790;3319110802;},
    language = {English},
}

@MISC {9,
    TITLE = {$\dim \ker ({T}\circ {S}) \ge \dim \ker {T}$.},
    AUTHOR = {ajotatxe (\url{https://math.stackexchange.com/users/132456/ajotatxe})},
    HOWPUBLISHED = {Mathematics Stack Exchange},
    NOTE = {\url{https://math.stackexchange.com/q/3303571} (version: 2019-07-25)},
    EPRINT = {https://math.stackexchange.com/q/3303571},
    URL = {https://math.stackexchange.com/q/3303571}
}

@book{10,
    author={Goodman,Roe and Wallach,Nolan R.},
    year={2009},
    title={Symmetry, Representations, and Invariants},
    publisher={Springer},
    address={New York; Dordrecht [Netherlands];},
    volume={255},
    keywords={Algebra; Symmetry (Mathematics); Invariants; Representations of groups; Lie groups},
    isbn={9780387798516;038779851X;},
    language={English},
    chapter={1.4.2},
    page={37},
}

@MISC{11,
    TITLE = {If ${\rm {k}er} (f) \subset {\rm {k}er} (g)$, where $f,g$ are non-zero linear functionals, show that $f = cg$ for some $c\in {F}$.},
    AUTHOR = {Kavi Rama Murthy (\url{https://math.stackexchange.com/users/142385})},
    HOWPUBLISHED = {Mathematics Stack Exchange},
    NOTE = {\url{https://math.stackexchange.com/q/3050282} (version: 2018-12-24)},
    EPRINT = {https://math.stackexchange.com/q/3050282},
    URL = {https://math.stackexchange.com/q/3050282}
}

@book{12,
    author={Goodman,Roe and Wallach,Nolan R.},
    year={2009},
    title={Symmetry, Representations, and Invariants},
    publisher={Springer},
    address={New York;Dordrecht [Netherlands];},
    volume={255},
    keywords={Algebra; Symmetry (Mathematics); Invariants; Representations of groups; Lie groups},
    isbn={9780387798516;038779851X;},
    language={English},
    page={214},
    chapter={7.1.3}
}

@MISC {13,
    TITLE = {Show that ${Y}'$ is isometrically isomorphic with ${X}'/{Y}^\perp$},
    AUTHOR = {martini (\url{https://math.stackexchange.com/users/15379/martini})},
    HOWPUBLISHED = {Mathematics Stack Exchange},
    NOTE = {\url{https://math.stackexchange.com/q/244841} (version: 2012-11-26)},
    EPRINT = {https://math.stackexchange.com/q/244841},
    URL = {https://math.stackexchange.com/q/244841}
}

@MISC {14,
    TITLE = {Course {N}otes for {F}unctional {A}nalysis {I}, {M}ath 655-601, {F}all 2011},
    AUTHOR = {Thomas Schlumprecht (\url{https://www.math.tamu.edu/~schlump/})},
    HOWPUBLISHED = {},
    NOTE = {\url{https://www.math.tamu.edu/~schlump/course_notes_math655_0c11.pdf} (version: 2018-10-25)},
    EPRINT = {},
    URL = {https://www.math.tamu.edu/~schlump/course_notes_math655_0c11.pdf}
}

@book{15,
    author={Bronson,Richard},
    year={1991},
    title={Matrix {M}ethods: {A}n {I}ntroduction},
    publisher={Academic Press},
    address={Boston},
    edition={2nd},
    keywords={Matrices},
    isbn={012135251X;9780121352516;},
    language={English},
}

@MISC {16,
    TITLE = {Is this true that $\mathrm{tr}({ABC})=\mathrm{tr}({ACB})$?},
    AUTHOR = {Michael Hardy (\url{https://math.stackexchange.com/users/11667/michael-hardy})},
    HOWPUBLISHED = {Mathematics Stack Exchange},
    NOTE = {\url{https://math.stackexchange.com/q/1563689} (version: 2018-05-11)},
    EPRINT = {https://math.stackexchange.com/q/1563689},
    URL = {https://math.stackexchange.com/q/1563689}
}

@MISC {17,
    TITLE = {If ${AB} = {BA}$ for all ${B}$, prove that ${A} = {kI}$.},
    AUTHOR = {Seirios (\url{https://math.stackexchange.com/users/36434/seirios})},
    HOWPUBLISHED = {Mathematics Stack Exchange},
    NOTE = {\url{https://math.stackexchange.com/q/380175} (version: 2013-05-03)},
    EPRINT = {https://math.stackexchange.com/q/380175},
    URL = {https://math.stackexchange.com/q/380175}
}

@book{18, 
    author={Lax,Peter D.},
    year={2007},
    title={Linear {A}lgebra and its {A}pplications},
    publisher={Wiley-Interscience},
    address={Hoboken, N.J},
    edition={2nd},
    keywords={Algebras, Linear},
    isbn={9780471751564;0471751561;},
    language={English},
}

@book{19,
    author={Artin,Michael},
    year={2018},
    title={Algebra},
    publisher={Pearson},
    address={New York, New York},
    edition={Second [2018 reissue].},
    keywords={Algebra},
    isbn={9780134689609;0134689607;},
    language={English},
    page={35}
}

@article{20,
    author = "Albert, A. A. and Muckenhoupt, Benjamin",
    doi = "10.1307/mmj/1028990168",
    fjournal = "The Michigan Mathematical Journal",
    journal = "Michigan Math. J.",
    number = "1",
    pages = "1--3",
    publisher = "University of Michigan, Department of Mathematics",
    title = "On {M}atrices of {T}race {Z}eros.",
    url = "https://doi.org/10.1307/mmj/1028990168",
    volume = "4",
    year = "1957"
}

@MISC {21,
    TITLE = {Why are real symmetric matrices diagonalizable?},
    AUTHOR = {Ittay Weiss (\url{https://math.stackexchange.com/users/30953/ittay-weiss})},
    HOWPUBLISHED = {Mathematics Stack Exchange},
    NOTE = {\url{https://math.stackexchange.com/q/482629} (version: 2013-09-03)},
    EPRINT = {https://math.stackexchange.com/q/482629},
    URL = {https://math.stackexchange.com/q/482629}
}

@MISC {22,
    TITLE = {Show ${A}$ is diagonalizable.},
    AUTHOR = {msm (\url{https://math.stackexchange.com/users/350875/msm})},
    HOWPUBLISHED = {Mathematics Stack Exchange},
    NOTE = {\url{https://math.stackexchange.com/q/1887923} (version: 2017-04-13)},
    EPRINT = {https://math.stackexchange.com/q/1887923},
    URL = {https://math.stackexchange.com/q/1887923}
}

@MISC {23,
    TITLE = {A linear operator commuting with all such operators is a scalar multiple of the identity.},
    AUTHOR = {Robert Israel (\url{https://math.stackexchange.com/users/8508/robert-israel})},
    HOWPUBLISHED = {Mathematics Stack Exchange},
    NOTE = {\url{https://math.stackexchange.com/q/27832} (version: 2011-03-18)},
    EPRINT = {https://math.stackexchange.com/q/27832},
    URL = {https://math.stackexchange.com/q/27832}
}

@MISC {24,
    TITLE = {Prove: symmetric positive definite matrix.},
    AUTHOR = {Emily (\url{https://math.stackexchange.com/users/31475/emily})},
    HOWPUBLISHED = {Mathematics Stack Exchange},
    NOTE = {\url{https://math.stackexchange.com/q/180174} (version: 2013-10-25)},
    EPRINT = {https://math.stackexchange.com/q/180174},
    URL = {https://math.stackexchange.com/q/180174}
}

@MISC {25,
    TITLE = {New proof about normal matrix is diagonalizable.},
    AUTHOR = {John Hughes (\url{https://math.stackexchange.com/users/114036/john-hughes})},
    HOWPUBLISHED = {Mathematics Stack Exchange},
    NOTE = {\url{https://math.stackexchange.com/q/1039548} (version: 2014-11-26)},
    EPRINT = {https://math.stackexchange.com/q/1039548},
    URL = {https://math.stackexchange.com/q/1039548}
}

@MISC {26,
    TITLE = {Linear {A}lgebra and {I}ts {A}pplications, 2ed. {S}olution of {E}xercise {P}roblems.},
    AUTHOR = {Yan Zeng},
    HOWPUBLISHED = {},
    NOTE = {(version 1.0.4: 2014-08-13)},
}

@article{27,
    author = "Hoffman, A. J. and Wielandt, H. W.",
    doi = "10.1215/S0012-7094-53-02004-3",
    fjournal = "Duke Mathematical Journal",
    journal = "Duke Math. J.",
    month = "03",
    number = "1",
    pages = "37--39",
    publisher = "Duke University Press",
    title = "The variation of the spectrum of a normal matrix",
    url = "https://doi.org/10.1215/S0012-7094-53-02004-3",
    volume = "20",
    year = "1953"
}

@MISC {28,
    TITLE = {Linear {A}lgebra {D}one {W}rong},
    AUTHOR = {Sergei Treil (\url{https://sites.google.com/a/brown.edu/sergei-treil-homepage/home})},
    HOWPUBLISHED = {},
    NOTE = {\url{https://www.math.brown.edu/~treil/papers/LADW/LADW.html} (version: 2017-09-04)},
    EPRINT = {},
    URL = {https://www.math.brown.edu/~treil/papers/LADW/LADW.html}
}

@MISC {29,
    TITLE = {Variational {C}haracterization of {S}ingular {V}alues},
    AUTHOR = {Mark Embree (\url{http://intranet.math.vt.edu/people/embree/})},
    HOWPUBLISHED = {},
    NOTE = {\url{https://www.caam.rice.edu/~caam440/pca.pdf} (version: 2012-03-07)},
    EPRINT = {},
    URL = {https://www.caam.rice.edu/~caam440/pca.pdf}
}

@MISC {30,
    TITLE = {Chapter 1, {L}ecture 5: {S}ylvester’s criterion},
    AUTHOR = {Misha Lavrov (\url{https://faculty.math.illinois.edu/~mlavrov/})},
    HOWPUBLISHED = {},
    NOTE = {\url{https://faculty.math.illinois.edu/~mlavrov/docs/484-spring-2019/ch1lec5.pdf} (version: 2019-01-28)},
    EPRINT = {},
    URL = {https://faculty.math.illinois.edu/~mlavrov/docs/484-spring-2019/ch1lec5.pdf}
}

@MISC {31,
    TITLE = {Traces of all positive powers of a matrix are zero implies it is nilpotent},
    AUTHOR = {JBC (\url{https://math.stackexchange.com/users/33615/jbc})},
    HOWPUBLISHED = {Mathematics Stack Exchange},
    NOTE = {\url{https://math.stackexchange.com/q/159201} (version: 2012-06-16)},
    EPRINT = {https://math.stackexchange.com/q/159201},
    URL = {https://math.stackexchange.com/q/159201}
}

@MISC {32,
    TITLE = {Traces of all positive powers of a matrix are zero implies it is nilpotent},
    AUTHOR = {Mariano Suárez-Álvarez (\url{https://math.stackexchange.com/users/274/mariano-su\%c3\%a1rez-\%c3\%81lvarez})},
    HOWPUBLISHED = {Mathematics Stack Exchange},
    NOTE = {\url{https://math.stackexchange.com/q/159170} (version: 2012-06-16)},
    EPRINT = {https://math.stackexchange.com/q/159170},
    URL = {https://math.stackexchange.com/q/159170}
}

@book{33,
    author={Hoffman,Kenneth and Kunze,Ray A.},
    year={1971},
    title={Linear {A}lgebra},
    publisher={Prentice-Hall},
    address={Englewood Cliffs, N.J},
    edition={2d},
    keywords={Algebras, Linear},
    isbn={9780135367971;0135367972;},
    language={English},
}

@MISC {34,
    TITLE = {Prove projection is self adjoint if and only if kernel and image are orthogonal complements.},
    AUTHOR = {xavierm02 (\url{https://math.stackexchange.com/users/10385/xavierm02})},
    HOWPUBLISHED = {Mathematics Stack Exchange},
    NOTE = {\url{https://math.stackexchange.com/q/584384} (version: 2013-11-28)},
    EPRINT = {https://math.stackexchange.com/q/584384},
    URL = {https://math.stackexchange.com/q/584384}
}

@book{35,
    author={Gallier,Jean H.},
    year={2011},
    title={Geometric {M}ethods and {A}pplications: {F}or {C}omputer {S}cience and {E}ngineering},
    publisher={Springer},
    address={New York},
    volume={38},
    edition={2nd},
    keywords={Geometry},
    isbn={9781441999603;1441999612;1441999604;9781441999610;},
    language={English},
}

@MISC {36,
    TITLE = {Properties of {P}roper and {I}mproper {R}otation {M}atrices.},
    AUTHOR = {Howard E. Haber (\url{http://scipp.ucsc.edu/~haber/})},
    HOWPUBLISHED = {},
    NOTE = {\url{http://scipp.ucsc.edu/~haber/ph251/rotreflect_17.pdf} (version: Spring 2017)},
    EPRINT = {},
    URL = {http://scipp.ucsc.edu/~haber/ph251/rotreflect_17.pdf}
}

@MISC {37,
    TITLE = {Linear isometry and its trace.},
    AUTHOR = {Robert Israel (\url{https://math.stackexchange.com/users/8508/robert-israel})},
    HOWPUBLISHED = {Mathematics Stack Exchange},
    NOTE = {\url{https://math.stackexchange.com/q/3111851} (version: 2019-02-13)},
    EPRINT = {https://math.stackexchange.com/q/3111851},
    URL = {https://math.stackexchange.com/q/3111851}
}

@book{38,
    title={Differential {G}eometry of {C}urves and {S}urfaces},
    author={Tapp,Kristopher and SpringerLink (Online service)},
    year={2016},
    publisher={Springer International Publishing},
    address={Cham},
    keywords={Differential geometry; Mathematics},
    isbn={9783319397986;3319397990;9783319397993;3319397982;},
    language={English},
}

@book{39,
    place={Cambridge}, 
    edition={2}, 
    title={Matrix {A}nalysis}, 
    DOI={10.1017/9781139020411}, 
    publisher={Cambridge University Press}, 
    author={Horn, Roger A. and Johnson, Charles R.}, year={2012}
}

@MISC {40,
    TITLE = {Prove ${A^TA}$ is similar to ${AA^T}$.},
    AUTHOR = {copper.hat (\url{https://math.stackexchange.com/users/27978/copper-hat})},
    HOWPUBLISHED = {Mathematics Stack Exchange},
    NOTE = {\url{https://math.stackexchange.com/q/1726956} (version: 2016-04-04)},
    EPRINT = {https://math.stackexchange.com/q/1726956},
    URL = {https://math.stackexchange.com/q/1726956}
}

@MISC {41,
    TITLE = {If ${A^3B = BA^3}$, then ${AB = BA}$.},
    AUTHOR = {Jonas Meyer (\url{https://math.stackexchange.com/users/1424/jonas-meyer})},
    HOWPUBLISHED = {Mathematics Stack Exchange},
    NOTE = {\url{https://math.stackexchange.com/q/1123780} (version: 2015-01-28)},
    EPRINT = {https://math.stackexchange.com/q/1123780},
    URL = {https://math.stackexchange.com/q/1123780}
}